<collection xmlns="http://www.loc.gov/MARC21/slim">
<record>
  <leader>01694nam0a2200289 i 450 </leader>
  <controlfield tag="001">IT\ICCU\CNCE\016068</controlfield>
  <controlfield tag="005">20050509000000.0</controlfield>
  <datafield tag="012" ind1=" " ind2=" ">
    <subfield code="a">soo. e.e. e,to frVs (C) 1566 (R)</subfield>
    <subfield code="2">fei</subfield>
  </datafield>
  <datafield tag="100" ind1=" " ind2=" ">
    <subfield code="a">19970101d1566        0itac0103    ba</subfield>
  </datafield>
  <datafield tag="101" ind1=" " ind2=" ">
    <subfield code="a">ITA</subfield>
  </datafield>
  <datafield tag="102" ind1=" " ind2=" ">
    <subfield code="a">IT</subfield>
  </datafield>
  <datafield tag="200" ind1="1" ind2=" ">
    <subfield code="a">℗La ℗representatione della passione del Nostro Signore Giesu Christo, secondo che si recita, et representa da la dignissima Compagnia del Confallone di Roma el venere santo, nel Colliseo. Con la sua resurrettione</subfield>
  </datafield>
  <datafield tag="210" ind1=" " ind2=" ">
    <subfield code="a">\Venezia</subfield>
    <subfield code="c">Domenico De Franceschi!</subfield>
    <subfield code="e">In Venetia</subfield>
    <subfield code="g">appresso Domenico de&apos; Franceschi</subfield>
    <subfield code="h">in Frezzaria</subfield>
    <subfield code="h">al segno della Regina,1566</subfield>
  </datafield>
  <datafield tag="215" ind1=" " ind2=" ">
    <subfield code="a">\48! c.</subfield>
    <subfield code="c">ill.</subfield>
    <subfield code="d">8ʻ</subfield>
  </datafield>
  <datafield tag="300" ind1=" " ind2=" ">
    <subfield code="a">Per gli autori Giuliano Dati, Bernardo di Antonio e Mariano Particappa cfr.: A. Cioni, Bibliografia delle sacre rappresentazioni</subfield>
  </datafield>
  <datafield tag="620" ind1=" " ind2=" ">
    <subfield code="a">IT</subfield>
    <subfield code="d">Venezia</subfield>
  </datafield>
  <datafield tag="700" ind1=" " ind2="1">
    <subfield code="a">Dati,</subfield>
    <subfield code="b">Giuliano</subfield>
    <subfield code="3">IT\ICCU\CNCA\004625</subfield>
  </datafield>
  <datafield tag="701" ind1=" " ind2="0">
    <subfield code="a">Bernardo</subfield>
    <subfield code="c"> : di#Antonio</subfield>
    <subfield code="3">IT\ICCU\CNCA\004344</subfield>
  </datafield>
  <datafield tag="701" ind1=" " ind2="1">
    <subfield code="a">Particappa,</subfield>
    <subfield code="b">Mariano</subfield>
    <subfield code="3">IT\ICCU\CNCA\004345</subfield>
  </datafield>
  <datafield tag="712" ind1="0" ind2="0">
    <subfield code="a">De_Franceschi, Domenico</subfield>
    <subfield code="3">IT\ICCU\CNCT\000001</subfield>
    <subfield code="4">650</subfield>
  </datafield>
  <datafield tag="790" ind1=" " ind2="0">
    <subfield code="a">Bernardo</subfield>
    <subfield code="c"> : Romano</subfield>
    <subfield code="3">IT\ICCU\CNCA\016413</subfield>
    <subfield code="z">Bernardo : di#Antonio</subfield>
  </datafield>
  <datafield tag="791" ind1="0" ind2="0">
    <subfield code="a">Franceschi, Domenico de</subfield>
    <subfield code="3">IT\ICCU\CNCT\003739</subfield>
    <subfield code="z">De_Franceschi, Domenico</subfield>
  </datafield>
  <datafield tag="791" ind1="0" ind2="0">
    <subfield code="a">Franciscis, Dominicus de</subfield>
    <subfield code="3">IT\ICCU\CNCT\003740</subfield>
    <subfield code="z">De_Franceschi, Domenico</subfield>
  </datafield>
  <datafield tag="801" ind1=" " ind2="3">
    <subfield code="a">IT</subfield>
    <subfield code="b">ICCU</subfield>
    <subfield code="c">20201114</subfield>
  </datafield>
  <datafield tag="899" ind1=" " ind2=" ">
    <subfield code="a">Biblioteca statale. Lucca</subfield>
    <subfield code="1">LU0022</subfield>
    <subfield code="2">LUA BL</subfield>
  </datafield>
  <datafield tag="911" ind1=" " ind2=" ">
    <subfield code="a">Sul front.</subfield>
    <subfield code="9">IT\ICCU\CNCM\001582</subfield>
  </datafield>
  <datafield tag="921" ind1=" " ind2=" ">
    <subfield code="a">IT\ICCU\CNCM\001582</subfield>
    <subfield code="b">Virt ̮(donna coronata in piedi con uno scettro nella destra e un libro nella sinistra, affiancata da uno strumento musicale e da una sfera armillare)</subfield>
    <subfield code="e">Regina virtus</subfield>
    <subfield code="c">U478</subfield>
    <subfield code="d">Dimensioni. 7,9 x 9,5</subfield>
    <subfield code="f">VIRTU&apos;</subfield>
    <subfield code="f">REGINA</subfield>
    <subfield code="g">1566</subfield>
  </datafield>
</record>
</collection>
